<?xml version="1.0" encoding="UTF-8"?><collection xmlns="http://www.loc.gov/MARC21/slim"><record><leader>00400nam--2200133-i-4500</leader><controlfield tag="001">000041099</controlfield><controlfield tag="002">20161230</controlfield><controlfield tag="005">20161230201043</controlfield><controlfield tag="008">060222s1000------------r-----000-0-eng-d</controlfield><datafield ind1=" " ind2=" " tag="080"><subfield code="a">539.216.2(061.3)</subfield></datafield><datafield ind1=" " ind2=" " tag="245"><subfield code="a">Second german-greek workshop on materials research for information technology may 22-23, 1989</subfield></datafield><datafield ind1=" " ind2=" " tag="260"><subfield code="a">Julich Kernforschungsanlage, 1989, 87p</subfield></datafield><datafield ind1=" " ind2=" " tag="700"><subfield code="a">Kaiser, Gunter</subfield></datafield><datafield ind1=" " ind2=" " tag="852"><subfield code="a">79067</subfield></datafield></record></collection>